@article{Marcelino16,
	title="A importância da vacinação em bovinos.",
	author="Marcelino, Rafael",
	year="2016",
	journal="3rlab",
	url="https://3rlab.wordpress.com/2016/05/06/a-importancia-da-vacinacao-de-bovinos/"
}

@misc{bovcontrol10,
      author = "BovControl",
      title = "Empoderando a Pecuária.",
      year = "2010",
      url = "https://www.bovcontrol.com/"
}	

@misc{jetbov16,
      author = "JetBov",
      title = "Gestão para Pecuária de Corte.",
      year = "2016",
      url = "https://www.jetbov.com/"
}

@misc{a3pecuaria16,
      author = "A3Pecuaria",
      title = "Software para Gestão Pecuária.",
      year = "2016",
      url = "https://www.a3pecuaria.com.br/site/index.html"
}

@article{ufrgs09,
	author = "Gerhardt, Tatiana Engel and Silveira, Denise Tolfo",
	title = "Métodos de pesquisa",
	year = "2009",
	journal = "Série Educação a Distância - UAB/UFRGS",
	url = "http://www.ufrgs.br/cursopgdr/downloadsSerie/derad005.pdf"
}
