@article{Marcelino16,
title="A importância da vacinação em bovinos.",
author="Marcelino, Rafael",
year="2016",
journal="3rlab",
url="https://3rlab.wordpress.com/2016/05/06/a-importancia-da-vacinacao-de-bovinos/"
}

@misc{bovcontrol10,
author = "BovControl",
title = "Empoderando a Pecuária.",
year = "2010",
url = "https://www.bovcontrol.com/"
}

@misc{jetbov16,
author = "JetBov",
title = "Gestão para Pecuária de Corte.",
year = "2016",
url = "https://www.jetbov.com/"
}

@misc{a3pecuaria16,
author = "A3Pecuaria",
title = "Software para Gestão Pecuária.",
year = "2016",
url = "https://www.a3pecuaria.com.br/site/index.html"
}

@misc{postgres07,
author = "PostgreSQL",
title = "O que é o PostgreSQL?",
year = "2007",
url = "http://pgdocptbr.sourceforge.net/pg82/intro-whatis.html"
}

@article{ufrgs09,
author = "Gerhardt, Tatiana Engel and Silveira, Denise Tolfo",
title = "Métodos de pesquisa",
year = "2009",
journal = "Série Educação a Distância - UAB/UFRGS",
url = "http://www.ufrgs.br/cursopgdr/downloadsSerie/derad005.pdf"
}

@book{yin01,
author = "Yin, Robert K",
title = "Estudo de caso: planejamento e métodos",
year = "2001",
publisher="Sage publications"
}

@book{fowler14,
title={UML Essencial: um breve guia para linguagem padrão},
author={Fowler, Martin},
year={2014},
publisher={Bookman Editora}
}

@book{guedes18,
title={UML 2 - Uma abordagem prática},
author={Guedes, Gilleanes T.A.},
year={2018},
publisher={Novatec Editora}
}

@misc{nascimento17,
author = "Nascimento, Rodrigo",
title = "O que é um dashboard?",
year = "2017",
url = "http://marketingpordados.com/analise-de-dados/o-que-e-dashboard-%F0%9F%93%8A/"
}

@misc{gui07,
author = "Guilhoto, Joaquim J.M. and Ichihara, Silvio M. and Silveira, Fernando Gaiger and Diniz, Bernardo P. Campolina and Azzoni, Carlos R. and Moreira, Guilherme R.C.",
title = "A IMPORTÂNCIA DA AGRICULTURA FAMILIAR NO BRASIL E EM SEUS ESTADOS",
year = "2007",
url = "http://www.anpec.org.br/encontro2007/artigos/A07A089.pdf"
}

@misc{fee15,
author = "FEE - Fundação de Economia e Estatística Siegfried Emanuel Heuser",
title = "Características da agropecuária do RS",
year = "2015",
url = "https://www.fee.rs.gov.br/sinteseilustrada/caracteristicas-da-agropecuaria-do-rs/"
}

@article{agroinf96,
title={Agroinform{\'a}tica: qualidade e produtividade na agricultura},
author={Meira, Carlos Alberto Alves and Mancini, Adauto Luiz and Maximo, Fernando Attique and Fileto, Renato and Massruh{\'a}, Silvia Maria Fonseca Silveira},
journal={Cadernos de Ci{\^e}ncia \& Tecnologia},
volume={13},
number={2},
pages={175--194},
year={1996}
}
